<?xml version="1.0" encoding="UTF-8"?><collection xmlns="http://www.loc.gov/MARC21/slim"><record><leader>00391nam--2200145-i-4500</leader><controlfield tag="001">000040829</controlfield><controlfield tag="002">20161230</controlfield><controlfield tag="005">20170114163813</controlfield><controlfield tag="008">060222s1000------------r-----000-0-eng-d</controlfield><datafield ind1=" " ind2=" " tag="100"><subfield code="a">Schweber, Silvan S</subfield></datafield><datafield ind1=" " ind2=" " tag="245"><subfield code="a">An introduction to relativistic quantum field theory</subfield></datafield><datafield ind1=" " ind2=" " tag="260"><subfield code="a">New York</subfield><subfield code="b">Harper &amp; Row,Publ</subfield><subfield code="c">1962</subfield></datafield><datafield ind1=" " ind2=" " tag="300"><subfield code="a">XIV + 913 p</subfield></datafield><datafield ind1=" " ind2=" " tag="852"><subfield code="a">19072</subfield></datafield><datafield ind1=" " ind2=" " tag="CAT"><subfield code="a">SYS</subfield><subfield code="c">20170114</subfield><subfield code="h">163813</subfield></datafield></record></collection>